
@misc{cnerg_team_direct_nodate,
	title = {Direct {Accelerated} {Monte} {Carlo} {Radiation} {Transport} ({DAGMC})},
	url = {http://github.com/svalinn/DAGMC},
	author = {CNERG Team}
}

@misc{pyne_development_team_pyne_nodate,
	title = {{PyNE} : {Python} for {Nuclear} {Engineers}},
	url = {http://github.com/pyne/pyne},
	author = {PyNE Development Team}
}